%Para generar las referencias, se puede utilizar el siguiente sitio:
% https://truben.no/latex/bibtex/
